<collection xmlns="http://www.loc.gov/MARC21/slim">
<record>
  <leader>01071nam0a22002291i 450 </leader>
  <controlfield tag="001">IT\ICCU\CNCE\065841</controlfield>
  <controlfield tag="005">20060831000000.0</controlfield>
  <datafield tag="012" ind1=" " ind2=" ">
    <subfield code="a">i.ti tati tati tati (C) 1594 (A)</subfield>
    <subfield code="2">fei</subfield>
  </datafield>
  <datafield tag="100" ind1=" " ind2=" ">
    <subfield code="a">20060728d1594        0itac0103    ba</subfield>
  </datafield>
  <datafield tag="101" ind1=" " ind2=" ">
    <subfield code="a">ITA</subfield>
  </datafield>
  <datafield tag="102" ind1=" " ind2=" ">
    <subfield code="a">IT</subfield>
  </datafield>
  <datafield tag="200" ind1="1" ind2=" ">
    <subfield code="a">℗La ℗destruttione de Lippari per Barbarussa. La verita di parti in che modo lo prisi, con lo ritorno di faro. Composta per Giouanni Andria di Simon, dito lo Poeta ...</subfield>
  </datafield>
  <datafield tag="210" ind1=" " ind2=" ">
    <subfield code="e">Stampato in Venetia et ristampata in Messina</subfield>
    <subfield code="g">per Pietro Brea</subfield>
    <subfield code="h">1594</subfield>
  </datafield>
  <datafield tag="215" ind1=" " ind2=" ">
    <subfield code="a">\4! c.</subfield>
    <subfield code="d">4ʻ</subfield>
  </datafield>
  <datafield tag="620" ind1=" " ind2=" ">
    <subfield code="a">IT</subfield>
    <subfield code="d">Messina</subfield>
  </datafield>
  <datafield tag="700" ind1=" " ind2="1">
    <subfield code="a">Simone,</subfield>
    <subfield code="b">Giovanni Andrea : di</subfield>
    <subfield code="3">IT\ICCU\CNCA\006109</subfield>
  </datafield>
  <datafield tag="712" ind1="0" ind2="0">
    <subfield code="a">Brea, Pietro</subfield>
    <subfield code="3">IT\ICCU\CNCT\000579</subfield>
    <subfield code="4">650</subfield>
  </datafield>
  <datafield tag="790" ind1=" " ind2="0">
    <subfield code="a">Giovanni Andrea</subfield>
    <subfield code="c"> : di#Simone</subfield>
    <subfield code="3">IT\ICCU\CNCA\020379</subfield>
    <subfield code="z">Simone, Giovanni Andrea : di</subfield>
  </datafield>
  <datafield tag="790" ind1=" " ind2="0">
    <subfield code="a">Ioan Andria</subfield>
    <subfield code="c"> : di#Simon</subfield>
    <subfield code="3">IT\ICCU\CNCA\020381</subfield>
    <subfield code="z">Simone, Giovanni Andrea : di</subfield>
  </datafield>
  <datafield tag="790" ind1=" " ind2="0">
    <subfield code="a">Andria Joan</subfield>
    <subfield code="c"> : di#Simon</subfield>
    <subfield code="3">IT\ICCU\CNCA\026145</subfield>
    <subfield code="z">Simone, Giovanni Andrea : di</subfield>
  </datafield>
  <datafield tag="801" ind1=" " ind2="3">
    <subfield code="a">IT</subfield>
    <subfield code="b">ICCU</subfield>
    <subfield code="c">20201115</subfield>
  </datafield>
  <datafield tag="899" ind1=" " ind2=" ">
    <subfield code="a">Biblioteca universitaria Alessandrina. Roma</subfield>
    <subfield code="1">RM0280</subfield>
    <subfield code="2">RML 01</subfield>
  </datafield>
</record>
</collection>
